@misc{plansys2,
  doi = {10.48550/ARXIV.2107.00376},
  
  url = {https://arxiv.org/abs/2107.00376},
  
  author = {Martín, Francisco and Ginés, Jonatan and Matellán, Vicente and Rodríguez, Francisco J.},
  
  keywords = {Robotics (cs.RO), Artificial Intelligence (cs.AI), FOS: Computer and information sciences, FOS: Computer and information sciences},
  
  title = {PlanSys2: A Planning System Framework for ROS2},
  
  publisher = {arXiv},
  
  year = {2021},
  
  copyright = {Creative Commons Attribution Non Commercial No Derivatives 4.0 International}
}

@article{ros2,
    author = {Steven Macenski  and Tully Foote  and Brian Gerkey  and Chris Lalancette  and William Woodall },
    title = {Robot Operating System 2: Design, architecture, and uses in the wild},
    journal = {Science Robotics},
    volume = {7},
    number = {66},
    pages = {eabm6074},
    year = {2022},
    doi = {10.1126/scirobotics.abm6074},
    URL = {https://www.science.org/doi/abs/10.1126/scirobotics.abm6074}
}

@misc{tfd,
  title = {Temporal Fast Downward},
  howpublished = {\url{http://gki.informatik.uni-freiburg.de/tools/tfd/}}
}

@misc{popf,
  title = {Forward-Chaining Partial-Order Planning},
  howpublished = {\url{https://nms.kcl.ac.uk/planning/software/popf.html}}
}
